@article{evobio,
	author	={A. P. Hendry, M. T. Kinnison, M. Heino et al.},
	title		= {Evolutionary {P}rinciples and {T}heir {P}ractical {A}pplication},
	journal	= {Evolutionary {A}pplications},
	volume 	= {4},
	year		= {2011},
	pages	={159-183},
}

@article{protein_protein,
	author	= {O. Keskin et al},
	title		= {{P}redicting {P}rotein-{P}rotein {I}nteractions {F}rom the {M}olecular to the {P}roteome {L}evel},
	journal	= {Chemical {R}eviews},
	volume	= {116},
	year		= {2016},
	pages	= {4884-4909}
}

@incollection{pg_chapter,
	author	= {D. S. Brown and B. F. Eames},
 	title       	= {Emerging {T}ools to {S}tudy {P}roteoglycan {F}unction {D}uring {S}keletal {D}evelopment},
 	booktitle   	= {Methods in Cell Biology},
 	publisher  = {Elsevier Press},
 	address    = {Amsterdam, The Netherlands},
 	year         	= {2016},
 	pages       = {485-530},
 	chapter     = {15},
}

@article{pg_intro,
	author	= {J. R. Couchman, C. A. Pataki},
	title		= {{A}n {I}ntroduction to {P}roteoglycans and {T}heir {L}ocalization},
	journal	= {Journal of {H}ystochemistry \& {C}ytochemistry},
	number	= {60},
	volume	= {12},
	year		= {2012},
	pages 	= {885-897},
}

@article{pg_struct_func,
	author	= {A. R. Poole},
	title		= {{P}roteoglycans in {H}ealth and {D}isease: {S}tructures and {F}unctions},
	journal	= {Biochemistry},
	volume	= {236},
	year		= {1986},
	pages	= {1-14},
}

@article{pg_aggrecan,
	author	= {A. Aspberg},
	title		= {{T}he {D}ifferent {R}oles of {A}ggrecan {I}nteraction {D}omains},
	journal 	= {Journal of {H}ystochemistry \& {C}ytochemistry},
	number	= {60},
	volume	= {12},
	year		= {2012},
	pages	= {987-996},
}

@article{matplotlib,
	Author    	= {J. D. Hunter},
	Title     	= {{M}atplotlib: {A} 2D {G}raphics {E}nvironment},
	Journal   	= {Computing in Science \& Engineering},
	Volume   	= {9},
	Number  	= {3},
	Pages     	= {90-95},
	publisher	= {IEEE COMPUTER SOC},
	doi       	= {10.1109/MCSE.2007.55},
	year      	= {2007},
}

@article{ete3,
	author 	= {J. Huerta-Cepas, F. Serra and P. Bork},
	title 		= {{ETE} 3: {R}econstruction, {A}nalysis, and {V}isualization of {P}hylogenomic Data},
	journal 	= {Molecular Biology and Evolution},
	volume 	= {33},
	number	= {6},
	pages 	= {1635-1638},
	year 		= {2016},
	url 		= {https://doi.org/10.1093/molbev/msw046},
	eprint 	= {https://academic.oup.com/mbe/article-pdf/33/6/1635/7953632/msw046.pdf},
}

@article{jaccard,
	author	= {P. Jaccard},
	title		= {{T}he {D}istribution of the {F}lora in the {A}lpine {Z}one},
	journal 	= {New Phytologist},
	volume	= {11},
	pages	= {37-50},
	year		= {1912},
}

@article{ape,
	author 	= {E. Paradis, B. Bolker, J. Claude et al.},
	title		= {{P}ackage 'ape'},
	year		= {2011},
	accessed	= {January 15th, 2020},
	url		= {http://ape-package.ird.fr/},
	journal	= {Online},
}

@article{kalign,
	author	= {F. Madeira, Y. M. Park, J. Lee et al.},
	title 		= {{T}he {EMBL-EBI} {S}earch and {S}equence {A}nalysis {T}ools {API}s in 2019},
	journal	= {Nucleic Acids Research},
	year		= {2019},
	volume	= {47},
	pages	= {636-641},
}

@article{ncbi_tax_1,
	author	= {E. W. Sayers, T. Barrett, D. A. Benson et al.},
	year 		= {2009},
	journal 	= {Nucleic Acids Research},
	title		= {{D}atabase {R}esources of the {N}ational {C}enter for {B}iotechnology {I}nformation},
	volume	= {37},
	pages	= {5-15},	
}

@article{ncbi_tax_2,
	author	= {D.A. Benson, I. Karsch-Mizrachi, D. J. Lipman et al.},
	title		= {{GenBank}},
	journal	= {Nucleic Acids Research},
	year		= {2009},
	volume	= {37},
	pages	= {26-31},
}

@article{dnds,
	issn 		= {0169-5347},
	journal 	= {Trends in Ecology \& Evolution},
	pages 	= {496--503},
	volume 	= {15},
	publisher 	= {Elsevier Ltd},
	number 	= {12},
	year 		= {2000},
	title 		= {{S}tatistical {M}ethods for {D}etecting {M}olecular {A}daptation},
	language 	= {eng},
	author 	= {Z. Yang and J. P. Bielawski},
}

@article{osteo1,
	author 	= {D. Chen et al},
	title 		= {{O}steoarthritis: {T}oward a {C}omprehensive {U}nderstanding of {P}athological {M}echanism},
	journal	= {Bone Research},
	year		= {2017},
	volume	= {5},
}

@article{proteo_osteo1,
	issn 		= {0049-0172},
	journal 	= {Seminars in Arthritis and Rheumatism},
	pages 	= {12-33},
	volume 	= {20},
	number 	= {3},
	year 		= {1990},
	title 		= {{P}roteoglycans of {A}rticular {C}artilage: {C}hanges in {A}ging and in {J}oint {D}isease},
	author 	= {T. Hardingham and M. Bayliss},
}

@article{proteo_osteo2,
	journal	= {BioMed Research International},
	author	= {M. Maldonado, J. Nam},
	title		= {{The Role of Changes in Extracellular Matrix of Cartilage in the Presence of Inflammation on the Pathology of Osteoarthritis}},
	publisher	= {Hindawi Publishing Corporation},
	year		= {2013}
}

@article{proteo_osteo3,
	title		= {{Regional Assessment of Articular Cartilage Gene Expression and Small Proteoglycan Metabolism in an Animal Model of Osteoarthritis}},
	author	= {A. A. Young, et al},
	journal	= {Arthritis Research \& Therapy},
	volume 	= {7},
	number 	= {4},
	year		= {2005},
}

@article{proteo_form_function,
	title		= {{Proteoglycan Form and Function: A Comprehensive Nomenclature of Proteoglycans}},
	author	= {R. V. Iozzo, L. Schaefer},
	journal	= {Matrix Biology},
	year		= {2015},
	volume	= {42},
	pages	= {11-55},
}

@article{fam20,
	title		= {{Structure and Evolution of the Fam20 Kinases}},
	author	= {H. Zhang et al},
	journal 	= {Nature Communications},
	year		= {2018},
	volume	= {9},
}

@article{msas,
	author 	= {J. Daugelaite, A. O'Driscoll, R. D. Sleator},
	title		= {{An Overview of Multiple Sequence Alignments and Cloud Computing in Bioinformatics}},
	journal	= {International Scholarly Research Notices},
	volume	= {13},
	year		= {2013},
}

@article{graur,
	author 	= {Gout, Jean-Francois},
	title 		= {{Molecular and Genome Evolution by Dan Graur}},
	journal 	= {The Quarterly Review of Biology},
	volume 	= {92},
	number 	= {4},
	pages 	= {476-477},
	year 		= {2017},
	doi 		= {10.1086/694974},
	URL 		= {https://doi.org/10.1086/694974},
	eprint 	= { https://doi.org/10.1086/694974}
}

@article{xylt,
	author	= {R. Hao, Z. Zheng, et al},
	title		= {{Cloning and characterization of O-xylosyltransferase gene from \textit{Pinctada fucata martensii}}},
	journal	= {Journal of Applied Animal Research},
	year		= {2019},
	volume	= {47},
	number	= {1},
	pages	= {408-416},
}

@article{galt,
	author	= {M. Nakajima et al},
	title		= {{Mutations in B3GALT6, which Encodes a Glycosaminoglycan Linker Region Enzyme, Cause a Spectrum of Skeletal and Connective Tissue Disorders}},
	journal	= {American Journal of Human Genetics},
	year		= {2013},
	volume	= {92},
	number	= {6},
	pages	= {927-934},
}

@article {ext,
	author	= {C. McCormick et al},
	title 		= {{The putative tumor suppressors EXT1 and EXT2 form a stable complex that accumulates in the Golgi apparatus and catalyzes the synthesis of heparan sulfate}},
	volume 	= {97},
	number 	= {2},
	pages 	= {668--673},
	year 		= {2000},
	publisher 	= {National Academy of Sciences},
	journal 	= {Proceedings of the National Academy of Sciences},
}

@article {chst,
	author	= {H. Thiele et al},
	title 		= {{Loss of chondroitin 6-O-sulfotransferase-1 function results in severe human chondrodysplasia with progressive spinal involvement}},
	volume 	= {101},
	number 	= {27},
	pages 	= {10155--10160},
	year 		= {2004},
	publisher 	= {National Academy of Sciences},
	journal	= {Proceedings of the National Academy of Sciences},
}

@article{galns,
	author 	= {S. Tomatsu et al},
	title 		= {{Mutation and polymorphism spectrum of the GALNS gene in mucopolysaccharidosis IVA (Morquio A)}},
	journal 	= {Human Mutation},
	volume 	= {26},
	number 	= {6},
	pages 	= {500-512},
	year 		= {2005}
}

@article{gusb,
	author	= {R. Vervoot et al.},
	title		= {{Molecular analysis of patients with beta-glucuronidase deficiency presenting as hydros fettles or as early mucopolysaccharidosis VII}},
	journal	= {American Journal of Human Genetics},
	year		= {1996},
	volume	= {58},
	number 	= {3},
	pages	= {457-471}
}

@article{sgsh,
	author	= {A. Meyer et al.},
	title		= {{The mutation p.Ser298Pro in the sulphamidase gene (SGSH) is associated with a slowly progressive clinical phenotype in mucopolysaccharidosis type IIIA (Sanfilippo A syndrome)}},
	journal	= {Human Mutations},
	year		= {2008},
	volume	= {29},
	number	= {5},
}